@book{bib:Griffiths,
    title          = {Introduction to Quantum Mechanics},
    author         = {David Jeffrey Griffiths and Darrell F Schroeter},
    edition        = {Third},
    publisher      = {Cambridge University Press},
    year           = {2018}
}

@book{bib:Landau,
    title          = {Qauntum Mechanics: Non-relativistic Theory},
    author         = {Lev Davidovich Landau and Evgeny Mikhailovich Lifshitz},
    edition        = {Third},
    publisher      = {Elsevier Butterworth-Heinemann},
    year           = {1977}
}